<record><leader>00000cas a22000007a 4500</leader><controlfield tag="001">27184471</controlfield><controlfield tag="008">921230d19131913nyudr ne      0    0eng d</controlfield><datafield ind1=" " ind2=" " tag="010"><subfield code="a">sn 92062256 </subfield></datafield><datafield ind1=" " ind2=" " tag="040"><subfield code="a">NYG</subfield><subfield code="b">eng</subfield><subfield code="c">NYG</subfield><subfield code="d">NYS</subfield><subfield code="d">OCLCQ</subfield></datafield><datafield ind1=" " ind2=" " tag="042"><subfield code="a">msc</subfield></datafield><datafield ind1="0" ind2=" " tag="130"><subfield code="a">Daily bulletin (Mechanicville, N.Y.)</subfield></datafield><datafield ind1="1" ind2="4" tag="245"><subfield code="a">The daily bulletin.</subfield></datafield><datafield ind1=" " ind2=" " tag="260"><subfield code="a">Mechanicville, N.Y. :</subfield><subfield code="b">Hudson Valley Times</subfield></datafield><datafield ind1=" " ind2=" " tag="300"><subfield code="a">v.</subfield></datafield><datafield ind1=" " ind2=" " tag="310"><subfield code="a">Daily</subfield></datafield><datafield ind1="0" ind2=" " tag="362"><subfield code="a">Vol. 1, no. 1 (Feb. 10, 1913)-v. 1, no. 2 (Feb. 11, 1913).</subfield></datafield><datafield ind1=" " ind2="4" tag="651"><subfield code="a">Mechanicville (N.Y.)</subfield><subfield code="v">Newspapers.</subfield></datafield><datafield ind1=" " ind2=" " tag="752"><subfield code="a">United States</subfield><subfield code="b">New York</subfield><subfield code="c">Saratoga</subfield><subfield code="d">Mechanicville.</subfield></datafield><datafield ind1="0" ind2=" " tag="775"><subfield code="t">Hudson Valley times</subfield><subfield code="w">(DLC)sn 88074373</subfield><subfield code="w">(OCoLC)17967979</subfield></datafield><datafield ind1="1" ind2=" " tag="029"><subfield code="a">AU@</subfield><subfield code="b">000020721860</subfield></datafield></record>